<collection xmlns="http://www.loc.gov/MARC21/slim">
<record>
  <leader>01334nam0a2200229 i 450 </leader>
  <controlfield tag="001">IT\ICCU\CNCE\074659</controlfield>
  <controlfield tag="005">20130716000000.0</controlfield>
  <datafield tag="012" ind1=" " ind2=" ">
    <subfield code="a">o-L. 0.io ioer die- (C) 1580 (Q)</subfield>
    <subfield code="2">fei</subfield>
  </datafield>
  <datafield tag="100" ind1=" " ind2=" ">
    <subfield code="a">20090924f1580        0itac0103    ba</subfield>
  </datafield>
  <datafield tag="101" ind1=" " ind2=" ">
    <subfield code="a">ITA</subfield>
  </datafield>
  <datafield tag="102" ind1=" " ind2=" ">
    <subfield code="a">IT</subfield>
  </datafield>
  <datafield tag="200" ind1="1" ind2=" ">
    <subfield code="a">Giudicio et pronostico sopra l&apos;anno 1581. cauato da piu cause naturali, dalla congiuntione grande di Saturno, &amp; Gioue del 63. dalla cometa prodigiosa del 77. dalla congiuntione di Saturno, &amp; Marte fatta l&apos;anno 1580. alli 20. di marzo, dalli esserciti di farfalle, dalla cometa dell&apos;ottanta, dal fuoco che e \!! apparse in aria in Pauia, &amp; altri luoghi, d&apos;Italia, dalla reuolutione del mondo dell&apos;istesso anno, &amp; da due ecclissi vniuersali della luna dell&apos;istesso anno. Composto dall&apos;eccellente medico, il sig.Andrea Maracchio da Pontremoli cittadino piacentino, lettor publico di medicina in Pauia</subfield>
  </datafield>
  <datafield tag="210" ind1=" " ind2=" ">
    <subfield code="a">In Pavia</subfield>
    <subfield code="d">\1580!</subfield>
  </datafield>
  <datafield tag="215" ind1=" " ind2=" ">
    <subfield code="a">\8! c.</subfield>
    <subfield code="d">4ʻ</subfield>
  </datafield>
  <datafield tag="300" ind1=" " ind2=" ">
    <subfield code="a">La data si ricava dalla dedica</subfield>
  </datafield>
  <datafield tag="620" ind1=" " ind2=" ">
    <subfield code="a">IT</subfield>
    <subfield code="d">Pavia</subfield>
  </datafield>
  <datafield tag="700" ind1=" " ind2="1">
    <subfield code="a">Marachi,</subfield>
    <subfield code="b">Andrea</subfield>
    <subfield code="3">IT\ICCU\CNCA\027850</subfield>
  </datafield>
  <datafield tag="712" ind1="0" ind2="2">
    <subfield code="a">s.n.</subfield>
    <subfield code="3">IT\ICCU\CNCT\000002</subfield>
    <subfield code="4">650</subfield>
  </datafield>
  <datafield tag="790" ind1=" " ind2="1">
    <subfield code="a">Maracchio,</subfield>
    <subfield code="b">Andrea</subfield>
    <subfield code="3">IT\ICCU\CNCA\027851</subfield>
    <subfield code="z">Marachi, Andrea</subfield>
  </datafield>
  <datafield tag="790" ind1=" " ind2="1">
    <subfield code="a">Marachis,</subfield>
    <subfield code="b">Andrea</subfield>
    <subfield code="3">IT\ICCU\CNCA\027852</subfield>
    <subfield code="z">Marachi, Andrea</subfield>
  </datafield>
  <datafield tag="801" ind1=" " ind2="3">
    <subfield code="a">IT</subfield>
    <subfield code="b">ICCU</subfield>
    <subfield code="c">20201115</subfield>
  </datafield>
  <datafield tag="899" ind1=" " ind2=" ">
    <subfield code="a">Biblioteca civica Aprosiana. Ventimiglia</subfield>
    <subfield code="1">IM0038</subfield>
    <subfield code="2">LI3 VM</subfield>
  </datafield>
</record>
</collection>
